@online{NASAEuler,
  author = {Thomas H. Pulliam},
  title = {The Euler Equations},
  year = 1994,
  url = {http://people.nas.nasa.gov/~pulliam/Classes/New_notes/euler_notes.pdf}
}


@online{Panel,
  author = {J. L. Hess},
  title = {Panel Methods in Computational Fluid Dynamics},
  year = 1990,
  url = {http://www.annualreviews.org/doi/pdf/10.1146/annurev.fl.22.010190.00135}
}


@book{adams1995hitchhiker,
  title={The Hitchhiker's Guide to the Galaxy},
  author={Adams, D.},
  isbn={9781417642595},
  url={http://books.google.com/books?id=W-xMPgAACAAJ},
  year={1995},
  publisher={San Val}
}

